<record><leader>00000cas a2200000 a 4500</leader><controlfield tag="001">16626608</controlfield><controlfield tag="008">870901d19431946inuwr ne      0    0eng c</controlfield><datafield ind1=" " ind2=" " tag="010"><subfield code="a">sn 87056040 </subfield></datafield><datafield ind1=" " ind2=" " tag="040"><subfield code="a">NPI</subfield><subfield code="b">eng</subfield><subfield code="c">NPI</subfield><subfield code="d">NVF</subfield><subfield code="d">NPI</subfield><subfield code="d">OCLCQ</subfield><subfield code="d">OCLCF</subfield><subfield code="d">OCLCO</subfield></datafield><datafield ind1="1" ind2=" " tag="029"><subfield code="a">AU@</subfield><subfield code="b">000020479064</subfield></datafield><datafield ind1=" " ind2=" " tag="042"><subfield code="a">pcc</subfield></datafield><datafield ind1=" " ind2=" " tag="043"><subfield code="a">n-us-in</subfield></datafield><datafield ind1="0" ind2=" " tag="130"><subfield code="a">Camp crier (Franklin, Johnson County, Ind.)</subfield></datafield><datafield ind1="1" ind2="4" tag="245"><subfield code="a">The camp crier.</subfield></datafield><datafield ind1=" " ind2=" " tag="260"><subfield code="a">Franklin, Ind. :</subfield><subfield code="b">Franklin Star Pub. Co.,</subfield><subfield code="c">1943-1946.</subfield></datafield><datafield ind1=" " ind2=" " tag="300"><subfield code="a">4 v. :</subfield><subfield code="b">ill. ;</subfield><subfield code="c">45 cm.</subfield></datafield><datafield ind1=" " ind2=" " tag="310"><subfield code="a">Weekly</subfield></datafield><datafield ind1="0" ind2=" " tag="362"><subfield code="a">Vol. 1, no. 1 (Mar. 5, 1943)-v. 4, no. 17 (Jan. 11, 1946).</subfield></datafield><datafield ind1=" " ind2=" " tag="515"><subfield code="a">Vol. 1 complete in 29 issues.</subfield></datafield><datafield ind1=" " ind2="0" tag="651"><subfield code="a">Franklin (Johnson County, Ind.)</subfield><subfield code="v">Newspapers.</subfield></datafield><datafield ind1=" " ind2="0" tag="651"><subfield code="a">Camp Atterbury (Ind.)</subfield><subfield code="v">Newspapers.</subfield></datafield><datafield ind1=" " ind2="7" tag="655"><subfield code="a">Newspapers.</subfield><subfield code="2">fast</subfield><subfield code="0">(OCoLC)fst01423814</subfield></datafield><datafield ind1=" " ind2="7" tag="651"><subfield code="a">Indiana</subfield><subfield code="z">Camp Atterbury.</subfield><subfield code="2">fast</subfield><subfield code="0">(OCoLC)fst01225288</subfield></datafield><datafield ind1=" " ind2="7" tag="651"><subfield code="a">Indiana</subfield><subfield code="z">Franklin (Johnson County)</subfield><subfield code="2">fast</subfield><subfield code="0">(OCoLC)fst01312873</subfield></datafield><datafield ind1=" " ind2=" " tag="752"><subfield code="a">United States</subfield><subfield code="b">Indiana</subfield><subfield code="c">Johnson</subfield><subfield code="d">Franklin.</subfield></datafield><datafield ind1="0" ind2="0" tag="780"><subfield code="t">Atterbury crier</subfield><subfield code="w">(DLC)sn 87056039</subfield><subfield code="w">(OCoLC)16626615</subfield></datafield><datafield ind1="0" ind2="7" tag="785"><subfield code="t">Wakeman probe</subfield><subfield code="w">(OCoLC)430501656</subfield></datafield><datafield ind1="0" ind2="7" tag="785"><subfield code="t">Camp crier-Wakeman probe</subfield><subfield code="w">(DLC)sn 87056037</subfield><subfield code="w">(OCoLC)16626557</subfield></datafield></record>